<record><leader>00000cas a2200000Ma 4500</leader><controlfield tag="001">10970777</controlfield><controlfield tag="008">840720d1859186unhuwr ne      0    0eng d</controlfield><datafield ind1=" " ind2=" " tag="010"><subfield code="a">sn 84023730 </subfield></datafield><datafield ind1=" " ind2=" " tag="040"><subfield code="a">AQM</subfield><subfield code="b">eng</subfield><subfield code="c">AQM</subfield><subfield code="d">OCLCQ</subfield></datafield><datafield ind1="0" ind2="0" tag="245"><subfield code="a">Hillsboro' weekly news.</subfield></datafield><datafield ind1=" " ind2=" " tag="260"><subfield code="a">Hillsborough Bridge [i.e. Hillsboro], N.H. :</subfield><subfield code="b">Lawrence &amp; Hagar</subfield></datafield><datafield ind1=" " ind2=" " tag="300"><subfield code="a">v.</subfield></datafield><datafield ind1=" " ind2=" " tag="310"><subfield code="a">Weekly</subfield></datafield><datafield ind1="1" ind2=" " tag="362"><subfield code="a">Began with Dec. 7, 1859 issue.</subfield><subfield code="z">Cf. Browne, G.W. Hist. of Hillsborough, N.H.</subfield></datafield><datafield ind1=" " ind2=" " tag="500"><subfield code="a">Editors: F. Lawrence, W.G. Hagar, &lt;1860&gt;.</subfield></datafield><datafield ind1=" " ind2=" " tag="588"><subfield code="a">Description based on: Vol. 1, no. 19 (July 21, 1860).</subfield></datafield><datafield ind1=" " ind2="7" tag="655"><subfield code="a">Newspapers.</subfield><subfield code="2">rbgenr</subfield></datafield><datafield ind1="1" ind2=" " tag="700"><subfield code="a">Lawrence, F.</subfield></datafield><datafield ind1="1" ind2=" " tag="700"><subfield code="a">Hagar, Warren G.</subfield></datafield><datafield ind1=" " ind2=" " tag="752"><subfield code="a">United States</subfield><subfield code="b">New Hampshire</subfield><subfield code="c">Hillsboro</subfield><subfield code="d">Hillsboro.</subfield></datafield><datafield ind1="1" ind2=" " tag="029"><subfield code="a">AU@</subfield><subfield code="b">000025827411</subfield></datafield></record>